@article{groher,
  title={Tuning the performance of synthetic riboswitches using machine learning},
  author={Groher, Ann-Christin and Jager, Sven and Schneider, Christopher and Groher, Florian and Hamacher, Kay and Suess, Beatrix},
  journal={ACS synthetic biology},
  volume={8},
  number={1},
  pages={34--44},
  year={2018},
  publisher={ACS Publications}
}

@article{angenent,
  title={A deep learning approach to programmable RNA switches},
  author={Angenent-Mari, Nicolaas M and Garruss, Alexander S and Soenksen, Luis R and Church, George and Collins, James J},
  journal={Nature communications},
  volume={11},
  number={1},
  pages={5057},
  year={2020},
  publisher={Nature Publishing Group UK London}
}

@article{valeri,
  title={Sequence-to-function deep learning frameworks for engineered riboregulators},
  author={Valeri, Jacqueline A and Collins, Katherine M and Ramesh, Pradeep and Alcantar, Miguel A and Lepe, Bianca A and Lu, Timothy K and Camacho, Diogo M},
  journal={Nature communications},
  volume={11},
  number={1},
  pages={5058},
  year={2020},
  publisher={Nature Publishing Group UK London}
}